<record><leader>00000cas a22000007a 4500</leader><controlfield tag="001">9953191</controlfield><controlfield tag="008">830927d18821884ksuwr ne      0    0eng d</controlfield><controlfield tag="009">3789</controlfield><datafield ind1=" " ind2=" " tag="010"><subfield code="a">sn 83040533 </subfield></datafield><datafield ind1=" " ind2=" " tag="040"><subfield code="a">KSH</subfield><subfield code="b">eng</subfield><subfield code="c">KSH</subfield><subfield code="d">NPT</subfield></datafield><datafield ind1="1" ind2=" " tag="029"><subfield code="a">AU@</subfield><subfield code="b">000025799157</subfield></datafield><datafield ind1=" " ind2=" " tag="042"><subfield code="a">msc</subfield></datafield><datafield ind1=" " ind2=" " tag="043"><subfield code="a">n-us-ks</subfield></datafield><datafield ind1="0" ind2="4" tag="245"><subfield code="a">The Hiawatha world.</subfield></datafield><datafield ind1=" " ind2=" " tag="260"><subfield code="a">Hiawatha, Kan. :</subfield><subfield code="b">World Printing Co.,</subfield><subfield code="c">1882-1884.</subfield></datafield><datafield ind1=" " ind2=" " tag="300"><subfield code="a">4 v. :</subfield><subfield code="b">ill. (chiefly advertisements) ;</subfield><subfield code="c">70 cm.</subfield></datafield><datafield ind1=" " ind2=" " tag="310"><subfield code="a">Weekly</subfield></datafield><datafield ind1="0" ind2=" " tag="362"><subfield code="a">Vol. 18, no. 1 (Mar. 16, 1882)-v. 21, no. 37 (Sept. 11, 1884).</subfield></datafield><datafield ind1=" " ind2=" " tag="500"><subfield code="a">Published on Thursday.</subfield></datafield><datafield ind1=" " ind2=" " tag="525"><subfield code="a">Mar. 16, 1882 issue has supplement.</subfield></datafield><datafield ind1=" " ind2=" " tag="530"><subfield code="a">Available on microfilm from Micro Photo.</subfield></datafield><datafield ind1=" " ind2=" " tag="500"><subfield code="a">Editor: Daniel W. Wilder.</subfield></datafield><datafield ind1="1" ind2=" " tag="700"><subfield code="a">Wilder, Daniel W.</subfield><subfield code="q">(Daniel Webster)</subfield></datafield><datafield ind1=" " ind2=" " tag="752"><subfield code="a">United States</subfield><subfield code="b">Kansas</subfield><subfield code="c">Brown</subfield><subfield code="d">Hiawatha.</subfield></datafield><datafield ind1="0" ind2="0" tag="780"><subfield code="t">Hiawatha dispatch</subfield><subfield code="w">(DLC)sn 83040527</subfield></datafield><datafield ind1="0" ind2="5" tag="780"><subfield code="t">Kansas weekly herald (Hiawatha, Kan.)</subfield><subfield code="g">Nov. 1883</subfield><subfield code="w">(DLC)sn 83040543</subfield></datafield><datafield ind1="0" ind2="0" tag="785"><subfield code="t">Brown County world (1884)</subfield><subfield code="w">(DLC)sn 83040358</subfield></datafield></record>